@misc{mourrat2015convergencetwodimensionaldynamicisingkac,
      title={Convergence of the two-dimensional dynamic Ising-Kac model to $\Phi^4_2$}, 
      author={Jean-Christophe Mourrat and Hendrik Weber},
      year={2015},
      eprint={1410.1179},
      archivePrefix={arXiv},
      primaryClass={math.PR},
      url={https://arxiv.org/abs/1410.1179}, 
}

@book{durrett2019probability,
  title={Probability: theory and examples},
  author={Durrett, Rick},
  volume={49},
  year={2019},
  publisher={Cambridge university press}
}
@book{billingsley2013convergence,
  title={Convergence of probability measures},
  author={Billingsley, Patrick},
  year={2013},
  publisher={John Wiley \& Sons}
}

@book{werner2007funktionalanalysis,
  title={Funktionalanalysis},
  author={Werner, Dirk},
  year={2007},
  publisher={Springer}
}

@book{perkowski2024stochaII,
  title={Stochastics II},
  subtitle = {Stochastic Processes in Discrete Time},
  author = {Nicolas Perkowski},
  year = {2024}
}

@book{perkowski2024stochaIII,
  title={Stochastics III},
  subtitle = {Stochastic Analysis},
  author = {Lucio Galeati \& Nicolas Perkowski},
  year = {2024}
}


@book{perkowski2024stochaIV,
  title={Stochastics IV},
  subtitle = {Stochastic Partial Differential Equations: Classical and New},
  author = {Nicolas Perkowski},
  year = {2024}
}

@book{gall2016brownian,
  title={Brownian Motion, Martingales, and Stochastic Calculus},
  author={Gall, J.F.L.},
  isbn={9783319310893},
  series={Graduate Texts in Mathematics},
  url={https://books.google.de/books?id=G00WDAAAQBAJ},
  year={2016},
  publisher={Springer Heidelberg}
}

@article{cassandro1997upper,
  title={Upper bounds on the critical temperature for Kac potentials},
  author={Cassandro, M and Marra, R and Presutti, E},
  journal={Journal of statistical physics},
  volume={88},
  number={3},
  pages={537--566},
  year={1997},
  publisher={Springer}
}
@article{hairer2012triviality,
  title={Triviality of the 2D stochastic Allen-Cahn equation},
  author={Hairer, Martin and Ryser, Marc and Weber, Hendrik},
  year={2012}
}
@article{mourrat2017global,
  title={Global well-posedness of the dynamic $\Phi^4$ model in the plane},
  author={Mourrat, Jean-Christophe and Weber, Hendrik},
  year={2017}
}

@book{kallenberg2013foundations,
  title={Foundations of Modern Probability},
  author={Kallenberg, O.},
  isbn={9781475771145},
  series={Probability and Its Applications},
  url={https://books.google.de/books?id=2ZYOswEACAAJ},
  year={2013},
  publisher={Springer New York}
}